<?xml version="1.0" encoding="UTF-8"?>
<record xmlns="http://www.loc.gov/MARC21/slim" xmlns:xsi="http://www.w3.org/2001/XMLSchema-instance" xsi:schemaLocation="http://www.loc.gov/MARC21/slim http://www.loc.gov/standards/marcxml/schema/MARC21slim.xsd">
<leader>00000cam a22      a 4500</leader>
<controlfield tag="001">001797256</controlfield>
<controlfield tag="003">NNU</controlfield>
<controlfield tag="005">20150709170820.0</controlfield>
<controlfield tag="008">870921s1984    ir           f000 0 arar</controlfield>
<datafield tag="010" ind1=" " ind2=" ">
<subfield code="a">   86932076</subfield>
</datafield>
<datafield tag="035" ind1=" " ind2=" ">
<subfield code="a">(OCoLC)20265061</subfield>
<subfield code="z">(OCoLC)54871286</subfield>
</datafield>
<datafield tag="040" ind1=" " ind2=" ">
<subfield code="a">DLC</subfield>
<subfield code="b">eng</subfield>
<subfield code="c">DLC</subfield>
<subfield code="d">ERL</subfield>
<subfield code="d">OCLCO</subfield>
<subfield code="d">OCLCA</subfield>
<subfield code="d">OCLCF</subfield>
<subfield code="d">OCLCQ</subfield>
<subfield code="d">OCLCO</subfield>
<subfield code="d">OCL</subfield>
<subfield code="d">OCLCO</subfield>
<subfield code="d">NNU</subfield>
</datafield>
<datafield tag="041" ind1="1" ind2=" ">
<subfield code="a">ara</subfield>
<subfield code="a">eng</subfield>
<subfield code="h">ara</subfield>
</datafield>
<datafield tag="050" ind1="0" ind2="0">
<subfield code="a">BP194.3</subfield>
<subfield code="b">.S2313 1984</subfield>
</datafield>
<datafield tag="130" ind1="0" ind2=" ">
<subfield code="6">880-01</subfield>
<subfield code="a">Ṣaḥīfah al-kāmilah.</subfield>
<subfield code="l">English &amp; Arabic.</subfield>
</datafield>
<datafield tag="245" ind1="1" ind2="0">
<subfield code="6">880-02</subfield>
<subfield code="a">Ṣaḥīfah al-Sajjādīyah :</subfield>
<subfield code="b">al-adʻiyah al-marwīyah ʻan Zayn al-ʻĀbidīn /</subfield>
<subfield code="c">[al-mutarjim, Aḥmad al-Mūhānī].</subfield>
</datafield>
<datafield tag="260" ind1=" " ind2=" ">
<subfield code="6">880-03</subfield>
<subfield code="a">Ṭihrān :</subfield>
<subfield code="b">Munaẓẓamat al-Iʻlām al-Islāmī, Qism al-ʻAlāqāt al-Dawlīyah,</subfield>
<subfield code="c">1984.</subfield>
</datafield>
<datafield tag="300" ind1=" " ind2=" ">
<subfield code="a">25, 602 pages ;</subfield>
<subfield code="c">23 cm</subfield>
</datafield>
<datafield tag="336" ind1=" " ind2=" ">
<subfield code="a">text</subfield>
<subfield code="b">txt</subfield>
<subfield code="2">rdacontent</subfield>
</datafield>
<datafield tag="337" ind1=" " ind2=" ">
<subfield code="a">unmediated</subfield>
<subfield code="b">n</subfield>
<subfield code="2">rdamedia</subfield>
</datafield>
<datafield tag="338" ind1=" " ind2=" ">
<subfield code="a">volume</subfield>
<subfield code="b">nc</subfield>
<subfield code="2">rdacarrier</subfield>
</datafield>
<datafield tag="500" ind1=" " ind2=" ">
<subfield code="a">Arabic and English on opposite pages.</subfield>
</datafield>
<datafield tag="500" ind1=" " ind2=" ">
<subfield code="a">Title on added t.p.: Imam Zain al-Abidin's al-Sahifah al-Sajjadiyyah.</subfield>
</datafield>
<datafield tag="500" ind1=" " ind2=" ">
<subfield code="a">Text has been attributed to both ʻAlī ibn Abī Ṭālib and his grandson Zayn al-ʻĀbidīn ʻAlī ibn al-Ḥusayn--Cf. Brockelmann. Gesch. d'arab. Litt., 2. Aufl., v. 1 (1943) p. 39, and Suppl., v. 1 (1937) p. 76.</subfield>
</datafield>
<datafield tag="500" ind1=" " ind2=" ">
<subfield code="a">Reprint of the 2nd ed.</subfield>
</datafield>
<datafield tag="546" ind1=" " ind2=" ">
<subfield code="a">Arabic and English on opposite pages.</subfield>
</datafield>
<datafield tag="650" ind1=" " ind2="0">
<subfield code="a">Shīʻah</subfield>
<subfield code="v">Prayers and devotions.</subfield>
</datafield>
<datafield tag="650" ind1=" " ind2="7">
<subfield code="a">Shīʻah.</subfield>
<subfield code="2">fast</subfield>
<subfield code="0">(OCoLC)fst01117946</subfield>
</datafield>
<datafield tag="655" ind1=" " ind2="7">
<subfield code="a">Prayers and devotions.</subfield>
<subfield code="2">fast</subfield>
<subfield code="0">(OCoLC)fst01423909</subfield>
</datafield>
<datafield tag="700" ind1="0" ind2=" ">
<subfield code="6">880-04</subfield>
<subfield code="a">ʻAlī ibn Abī Ṭālib,</subfield>
<subfield code="c">Caliph,</subfield>
<subfield code="d">approximately 600-661.</subfield>
</datafield>
<datafield tag="700" ind1="0" ind2=" ">
<subfield code="6">880-05</subfield>
<subfield code="a">Zayn al-ʻĀbidīn ʻAlī ibn al-Ḥusayn,</subfield>
<subfield code="d">-710?</subfield>
</datafield>
<datafield tag="740" ind1="0" ind2=" ">
<subfield code="a">Imam Zain al-Abidin's al-Sahifah al-Sajjadiyyah.</subfield>
</datafield>
<datafield tag="880" ind1="0" ind2=" ">
<subfield code="6">130-01/</subfield>
<subfield code="a">صحيفة الكاملة.</subfield>
</datafield>
<datafield tag="880" ind1="1" ind2="2">
<subfield code="6">245-02/</subfield>
<subfield code="a">الصحيفة السجادية :</subfield>
<subfield code="b">الأدعية المروية عن زين العابدين /</subfield>
<subfield code="c">[المترجم أحمد الموهاني].</subfield>
</datafield>
<datafield tag="880" ind1=" " ind2=" ">
<subfield code="6">260-03/</subfield>
<subfield code="a">طهران :</subfield>
<subfield code="b">منظمة الإعلام الإسلامي، قسم العلاقات الدولية،</subfield>
<subfield code="c">1984.</subfield>
</datafield>
<datafield tag="880" ind1="0" ind2=" ">
<subfield code="6">700-04/</subfield>
<subfield code="a">علي بن أبي طالب،</subfield>
<subfield code="c">خليفة.</subfield>
</datafield>
<datafield tag="880" ind1="0" ind2=" ">
<subfield code="6">700-05/</subfield>
<subfield code="a">زين العابدين علي بن الحسين.</subfield>
</datafield>
<datafield tag="OWN" ind1=" " ind2=" ">
<subfield code="a">GENERAL</subfield>
</datafield>
<datafield tag="AVA" ind1=" " ind2=" ">
<subfield code="a">NYU50</subfield>
<subfield code="b">BOBST</subfield>
<subfield code="c">Main Collection</subfield>
<subfield code="d">BP194.3 .S2313 1984</subfield>
<subfield code="e">unavailable</subfield>
<subfield code="t">Unavailable</subfield>
<subfield code="f">1</subfield>
<subfield code="g">1</subfield>
<subfield code="h">N</subfield>
<subfield code="i">0</subfield>
<subfield code="j">MAIN</subfield>
<subfield code="k">0</subfield>
</datafield>
</record>
